% This file was created with JabRef 2.10.
% Encoding: UTF-8


@Electronic{iRob,
  Title                    = {I, Robot},
  Author                   = {{A. Proyas (Regie)}},
  HowPublished             = {Film (2004)},
  Url                      = {http://www.imdb.com/title/tt0343818/},

  Owner                    = {andre},
  Timestamp                = {2015.04.01}
}

@Electronic{DynRec,
  Title                    = {Package Dynamic Reconfigure for ROS},
  Author                   = {{B. Gassend}},
  Url                      = {http://wiki.ros.org/dynamic\_reconfigure},

  Owner                    = {andre},
  Timestamp                = {2015.04.02}
}

@Electronic{FotoCaro,
  Title                    = {Carolocup 2014},
  Author                   = {{Carolocup}},
  Url                      = {https://wiki.ifr.ing.tu-bs.de/carolocup/wettbewerb/2014/bilder/2Trainingstag},

  Owner                    = {andre},
  Timestamp                = {2015.04.01}
}

@Booklet{RegelW,
  Title                    = {Carolo-Cup Regelwerk 2015},
  Author                   = {Carolocup},
  Note                     = {Homepage Carolo-Cup: www.carolo-cup.de},

  Owner                    = {andre},
  Timestamp                = {2015.02.20},
  Url                      = {https://wiki.ifr.ing.tu-bs.de/carolocup/system/files/Hauptwettbewerb2015.pdf}
}

@Article{PSO,
  Title                    = {Particle Swarm Optimization: Technique, System and Challenges},
  Author                   = {{D. Rini} and {S. Shamsuddin} and {A. Yuhaniz}},
  Journal                  = {International Journal of Computer Applications (0975–8887)},
  Number                   = {1},
  Volume                   = {14},

  Owner                    = {andre},
  Timestamp                = {2015.03.09},
  Url                      = {http://ijcaonline.net/volume14/number1/pxc3872331.pdf}
}

@Article{Dobri,
  Title                    = {Dobrindt entwickelt Regeln für Roboterautos},
  Author                   = {{Die Zeit}},

  Owner                    = {andre},
  Timestamp                = {2015.04.01},
  Url                      = {http://www.zeit.de/mobilitaet/2015-02/alexander-dobrindt-selbstfahrende-autos-strassenverkehr}
}

@Article{Prom,
  Title                    = {Das intelligent geführte Auto},
  Author                   = {{H. Weise}},
  Journal                  = {Die Zeit},

  Owner                    = {andre},
  Timestamp                = {2015.04.01},
  Url                      = {http://www.zeit.de/1992/35/das-intelligent-gefuehrte-auto}
}

@Book{ADA09,
  Title                    = {Nichtlineare Regelungen},
  Author                   = {{J. Adamy}},
  Publisher                = {Springer-Verlag},
  Year                     = {2009},

  Timestamp                = {2015.04.02}
}

@Article{Neva,
  Title                    = {With Driverless Cars, Once Again It Is California Leading The Way},
  Author                   = {{J. Muller}},
  Journal                  = {Forbes Magazin},

  Owner                    = {andre},
  Timestamp                = {2015.04.01},
  Url                      = {http://www.forbes.com/sites/joannmuller/2012/09/26/with-driverless-cars-once-again-it-is-california-leading-the-way/}
}

@Standard{Calib,
  Title                    = {Camera Calibration Toolbox for Matlab},
  Organization             = {Intel Corporation},
  Author                   = {{J.-Y. Bouguet}},
  Url                      = {http://www.vision.caltech.edu/bouguetj/calib_doc/index.html},

  Owner                    = {andre},
  Timestamp                = {2015.03.02}
}

@Electronic{DemMan,
  Title                    = {Demolition Man},
  Author                   = {{M. Brambilla (Regie)}},
  HowPublished             = {Film (1993)},
  Url                      = {http://www.imdb.com/title/tt0106697/},

  Owner                    = {andre},
  Timestamp                = {2015.04.01}
}

@Article{Peter,
  Title                    = {MATLAB and Octave Functions for Computer Vision and Image Processing},
  Author                   = {{P. Kovesi}},

  Owner                    = {andre},
  Timestamp                = {2015.03.03},
  Url                      = {http://www.csse.uwa.edu.au/~pk/research/matlabfns/}
}

@TechReport{Steve,
  Title                    = {Spatial transformations: Defining and applying custom transforms},
  Author                   = {{S. Eddins}},
  Institution              = {MathWorks},

  Owner                    = {andre},
  Timestamp                = {2015.03.03},
  Url                      = {http://blogs.mathworks.com/steve/2006/08/04/spatial-transformations-defining-and-applying-custom-transforms/}
}

@Article{Galway,
  Title                    = {Distance Determination for an Automobile Environment using Inverse Perspective Mapping in OpenCV},
  Author                   = {{S. Tuohy} and {D.O’Cualain} and {E. Jones} and {M.Glavin}},
  Journal                  = {ISSC},

  Owner                    = {andre},
  Timestamp                = {2015.03.03},
  Url                      = {http://www.shanetuohy.com/fyp/Images/issc.pdf}
}

@Electronic{Wim,
  Title                    = {Winkelmesser},
  Author                   = {{Scientif38}},
  Organization             = {Wikipedia Foundation},
  Url                      = {http://commons.wikimedia.org/wiki/File:Protractor_Rapporteur_Degree_V1.jpg},

  Owner                    = {andre},
  Timestamp                = {2015.02.25}
}

@Article{TimMar,
  Title                    = {Entwicklung einer Karosserie für das oTToCar},
  Author                   = {{T. Rose} and {M. Treseler}},

  Owner                    = {andre},
  Timestamp                = {2015.02.26}
}

@Electronic{TT01,
  Title                    = {Tamiya TT-01 Type-E (TT-01E) Chassis},
  Author                   = {{Tamiya Inc.}},
  Url                      = {http://www.rcscrapyard.net/de/tamiya-tt-01-type-e.htm},

  Owner                    = {andre},
  Timestamp                = {2015.02.25}
}

@Article{VikAnd,
  Title                    = {oTToCAR, Interdisziplinäres Teamprojekt},
  Author                   = {{V. Wiedmeier} and {A. Himmel}},

  Owner                    = {andre},
  Timestamp                = {2015.02.19}
}

@TechReport{Zhang,
  Title                    = {A Flexible New Technique for Camera Calibration},
  Author                   = {{Z. Zhang}},
  Institution              = {Microsoft Research, Microsoft Corporation},

  Owner                    = {andre},
  Timestamp                = {2015.03.03},
  Url                      = {http://research.microsoft.com/en-us/um/people/zhang/Papers/TR98-71.pdf}
}

